<record><leader>00000cas a2200000 a 4500</leader><controlfield tag="001">18394714</controlfield><controlfield tag="008">880824d19181928iluwr ne      0   a0eng c</controlfield><datafield ind1=" " ind2=" " tag="010"><subfield code="a">sn 88084097 </subfield></datafield><datafield ind1=" " ind2=" " tag="040"><subfield code="a">PPM</subfield><subfield code="b">eng</subfield><subfield code="c">PPM</subfield><subfield code="d">NVF</subfield><subfield code="d">MGN</subfield><subfield code="d">NVF</subfield><subfield code="d">OCLCQ</subfield><subfield code="d">OCLCF</subfield><subfield code="d">NVF</subfield><subfield code="d">DLC</subfield><subfield code="d">OCLCO</subfield></datafield><datafield ind1="1" ind2=" " tag="029"><subfield code="a">AU@</subfield><subfield code="b">000020520932</subfield></datafield><datafield ind1=" " ind2=" " tag="042"><subfield code="a">pcc</subfield></datafield><datafield ind1=" " ind2=" " tag="043"><subfield code="a">n-us-il</subfield></datafield><datafield ind1="0" ind2="4" tag="245"><subfield code="a">The Delavan advertiser-times.</subfield></datafield><datafield ind1="1" ind2="3" tag="246"><subfield code="a">Delavan advertiser and tri-county times</subfield></datafield><datafield ind1="1" ind2="3" tag="246"><subfield code="a">Delavan advertiser and the Delavan times</subfield><subfield code="f">Sept. 13-20, 1928</subfield></datafield><datafield ind1="1" ind2="7" tag="246"><subfield code="a">Advertiser-times</subfield></datafield><datafield ind1="3" ind2=" " tag="246"><subfield code="a">Delavan advertiser times</subfield></datafield><datafield ind1="3" ind2=" " tag="246"><subfield code="a">Delavan advertiser and tri county times</subfield></datafield><datafield ind1="3" ind2=" " tag="246"><subfield code="a">Advertiser times</subfield></datafield><datafield ind1=" " ind2=" " tag="260"><subfield code="a">Delavan, Ill. :</subfield><subfield code="b">F.C. McKee,</subfield><subfield code="c">1918-1928.</subfield></datafield><datafield ind1=" " ind2=" " tag="300"><subfield code="a">v.</subfield></datafield><datafield ind1=" " ind2=" " tag="310"><subfield code="a">Weekly</subfield></datafield><datafield ind1="0" ind2=" " tag="362"><subfield code="a">52nd year, no. 31 (Aug. 1, 1918)-62nd year, no. 52 (Dec. 27, 1928).</subfield></datafield><datafield ind1=" " ind2=" " tag="580"><subfield code="a">Formed by the union of: Delavan tri-county times and: Delavan advertiser.</subfield></datafield><datafield ind1=" " ind2="0" tag="651"><subfield code="a">Delavan (Ill.)</subfield><subfield code="v">Newspapers.</subfield></datafield><datafield ind1=" " ind2="7" tag="651"><subfield code="a">Illinois</subfield><subfield code="z">Delavan.</subfield><subfield code="2">fast</subfield><subfield code="0">(OCoLC)fst01252958</subfield></datafield><datafield ind1=" " ind2="7" tag="655"><subfield code="a">Newspapers.</subfield><subfield code="2">fast</subfield><subfield code="0">(OCoLC)fst01423814</subfield></datafield><datafield ind1=" " ind2=" " tag="752"><subfield code="a">United States</subfield><subfield code="b">Illinois</subfield><subfield code="c">Tazewell</subfield><subfield code="d">Delavan.</subfield></datafield><datafield ind1="1" ind2="4" tag="780"><subfield code="t">Delavan tri-county times</subfield><subfield code="w">(DLC)sn 90054652</subfield><subfield code="w">(OCoLC)22220760</subfield></datafield><datafield ind1="1" ind2="4" tag="780"><subfield code="t">Delavan advertiser</subfield><subfield code="w">(DLC)sn 84038415</subfield><subfield code="w">(OCoLC)11308133</subfield></datafield><datafield ind1="0" ind2="0" tag="785"><subfield code="t">Delavan advertiser-times the Delavan times</subfield><subfield code="w">(DLC)sn 90054657</subfield><subfield code="w">(OCoLC)22220859</subfield></datafield></record>